@ARTICLE{Aysolmaz2018,
    author    = {B[anu] Aysolmaz and H[enrik] Leopold and H[ajo] A[.] Reijers and O[nur] Demirörs},
    title     = {A semi-automated approach for generating natural language requirements documents based on business process models},
    journal   = {Information and Software Technology},
    year      = 2018,
    volume    = 93,
    pages     = "14-29",
    month     = feb,
    url       = {https://www.sciencedirect.com/science/article/abs/pii/S0950584917302069?via%3Dihub},
}

@INPROCEEDINGS{Barmi2011,
    author    = {Z[einab] A[lizadeh] Barmi and A[mir] H[ossein] Ebrahimi and R[obert] Feldt},
    title     = {Alignment of Requirements Specification and Testing: A Systematic Mapping Study},
    booktitle = {2011 IEEE Fourth International Conference on Software Testing, Verification and Validation Workshops},
    year      = 2011,
    month     = apr,
    url       = {https://ieeexplore.ieee.org/document/5954452},
}

@ARTICLE{Bhandari2024,
   author     = {J[itendra] Bhandari and J[ohann] Knechtel and R[amesh] Narayanaswamy and S[iddharth] Garg and R[amesh] Karri},
   title      = {LLM-Aided Testbench Generation and Bug Detection for Finite-State Machines},
   journal    = {Computer Science > Hardware Architecture},
   year       = 2024,
   volume     = 1,
   month      = jun,
   url        = {https://arxiv.org/abs/2406.17132},
}

@ARTICLE{Bhatt2021,
    author    = {C[handradeep] Bhatt and I[ndrajeet] Kumar and V[] Vijayakumar and K[amred] U[dham] Singh and A[bhishek] Kumar},
    title     = {The state of the art of deep learning models in medical science and their challenges},
    journal   = {Multimedia Systems},
    year      = 2021,
    volume    = 4,
    pages     = "599-613",
    url       = {https://link.springer.com/article/10.1007/s00530-020-00694-1},
}

@ONLINE{Bozic2022,
    author    = {S[lobodan] Bozic},
    title     = {Künstliche Intelligenz im Testprozess},
    year      = {2022},
    url       = {https://bbv-software.de/insights/blog/ai-testing/},
    note      = {abgerufen am 03.11.2024}
}

@INPROCEEDINGS{Chen2024,
    author    = {Y[inghao] Chen and Z[ehao] Hu and C[hen] Zhi and J[unxiao] Han and S[huiguang] Deng and J[ianwei] Yin},
    title     = {ChatUniTest: A Framework for LLM-Based Test Generation},
    booktitle = {FSE 2024: Companion Proceedings of the 32nd ACM International Conference on the Foundations of Software Engineering},
    year      = 2024,
    pages     = "572-576",
    url       = {https://dl.acm.org/doi/10.1145/3663529.3663801},
}

@ONLINE{StatistischesBundesamt2024,
    author    = {Destatis},
    title     = {Jedes fünfte Unternehmen nutzt künstliche Intelligenz},
    year      = {2024},
    url       = {https://www.destatis.de/DE/Presse/Pressemitteilungen/2024/11/PD24_444_52911.html#:~:text=444%20vom%2025.,November%202024&text=WIESBADEN%20%E2%80%93%20Jedes%20f%C3%BCnfte%20Unternehmen%20(20,Einheiten%20mit%20mindestens%20zehn%20Besch%C3%A4ftigten.},
    note      = {abgerufen am 05.11.2024}
}

@ONLINE{Dymatrix2018,
    author    = {Dymatrix},
    title     = {Deep-Learning im Digital Business},
    year      = {2018},
    url       = {https://www.dymatrix.de/dymatrixblog/deep-learning-definition},
    note      = {abgerufen am 13.1.2025}
}

@ARTICLE{Gao2024,
    author    = {Y[unfan] Gao and Y[un] Xiong and X[inyu] Gao and K[angxiang] Jia and J[inliu] Pan and Y[uxi] Bi and Y[i] Dai and J[iawei] Sun and M[eng] Wang and H[aofen] Wang},
    title     = {Retrieval-Augmented Generation for Large Language Models: A Survey},
    journal   = {Computer Science > Computation and Language},
    year      = 2024,
    volume    = 5,
    url       = {https://arxiv.org/abs/2312.10997},
}

@ARTICLE{Gu2024,
   author     = {S[iqi] Gu and C[hunrong] Fang and Q[uanjun] Zhang and F[angyuan] Tian and J[ianyi] Zhou and Z[henyu] Chen},
   title      = {TestART: Improving LLM-based Unit Test via Co-evolution of Automated Generation and Repair Iteration},
   journal    = {Computer Science > Software Engineering},
   year       = {2024},
   volume     = {5},
   month      = {dec},
   url        = {https://arxiv.org/abs/2408.03095},
}

@ARTICLE{Hecker2018,
    author    = {D[irk] Hecker and I[nga] Döbel and U[lrike] Petersen and A[ndré] Rauschert and V[elina] Schmitz and A[ngelika] Voss},
    title     = {Zukunftsmarkt Künstliche Intelligenz},
    year      = 2018,
    url       = {https://kmu-digital.eu/de/service-kompetenz/publikationen/dokumente/studien/198-zukunftsmarkt-kuenstliche-intelligenz-potenziale-und-anwendungen},
}

@ONLINE{Honroth2024,
    author    = {T[horsten] Honroth and J[ulien] Siebert and P[atricia] Kelbert},
    title     = {Retrieval Augmented Generation (RAG): Chatten mit den eigenen Daten},
    year      = {2024},
    url       = {https://www.iese.fraunhofer.de/blog/retrieval-augmented-generation-rag/},
    note      = {abgerufen am 13.1.2025}
}

@ARTICLE{Iqbal2022,
   author     = {T[ouseef] Iqbal and S[haima] Qureshi},
   title      = {The survey: Text generation models in deep learning},
   journal    = {Journal of King Saud University –
Computer and Information Sciences},
   year       = 2022,
   volume     = 34,
   number     = 6,
   pages      = "2515-2528",
   month      = jun,
   url        = {https://doi.org/10.1016/j.jksuci.2020.04.001},
}

@ONLINE{Kerner2024,
    author    = {S[ean] M[ichael] Kerner},
    title     = {Large Language Model (LLM)},
    year      = {2024},
    url       = {https://www.computerweekly.com/de/definition/Large-Language-Model-LLM},
    note      = {abgerufen am 03.11.2024}
}

@ARTICLE{Khan2024,
   author     = {F[okrul] I[slam] Khan and F[arhad] U[ddin] Mahmud and A[rif] Hoseen},
   title      = {A New Approach of Software Test Automation Using AI},
   journal    = {Journal of Basic Science and Engineering},
   year       = 2024,
   volume     = 21,
   number     = 2,
   pages      = "559-570",
   month      = may,
   url        = {https://www.researchgate.net/publication/380459206_A_NEW_APPROACH_OF_SOFTWARE_TEST_AUTOMATION_USING_AI},
}

@ARTICLE{Lewis2021,
    author    = {P[atrick] Lewis and E[than] Perez and A[leksandra] Piktus and F[abio] Petroni and V[ladimir] Karpukhin and N[aman] Goyal and H[einrich] Küttler and M[ike] Lewis and W[en-tau] Yih and T[im] Rocktäschel and S[ebastian] Riedel and D[ouwe] Kiela},
    title     = {Retrieval-Augmented Generation for Knowledge-Intensive NLP Tasks},
    journal   = {Computer Science > Computation and Language},
    year      = 2021,
    volume    = 4,
    url       = {https://arxiv.org/abs/2005.11401},
}

@ARTICLE{Liu2024,
   author     = {Z[he] Liu and C[hunyang] Chen and J[unjie] Wang and M[engzhuo] Chen and B[oyu] Wu and X[ing] Che and D[andan] Wang and Q[ing] Wang},
   title      = {Make LLM a Testing Expert: Bringing Human-like Interaction to
Mobile GUI Testing via Functionality-aware Decisions},
   journal    = {ICSE '24: Proceedings of the IEEE/ACM 46th International Conference on Software Engineering},
   year       = 2024,
   volume     = 46,
   number     = 100,
   pages      = "1 - 13",
   month      = apr,
   url        = {https://dl.acm.org/doi/10.1145/3597503.3639180},
}

@ONLINE{Miesle2023,
    author    = {P[hil] Miesle},
    title     = {Retrieval-Augmented Generation (RAG) Explained: Understanding Key Concepts},
    year      = {2023},
    url       = {https://www.datastax.com/guides/what-is-retrieval-augmented-generation},
    note      = {abgerufen am 13.1.2025}
}

@ONLINE{Mocko2021,
    author    = {M[egan] Mocko and A[lexandra] Bitton-Bailey},
    title     = {Areas of Artificial Intelligence},
    year      = {2021},
    url       = {https://ufl.pb.unizin.org/artificialintelligence/chapter/six-area-of-artificial-intelligence/},
    note      = {abgerufen am 13.1.2025}
}

@ONLINE{Möllers2024,
    author    = {N[ils] Möllers},
    title     = {Künstliche Intelligenz und Datenschutz},
    year      = {2024},
    url       = {https://keyed.de/blog/kuenstliche-intelligenz-und-datenschutz/},
    note      = {abgerufen am 03.11.2024}
}

@ARTICLE{Mustafa2021,
    author    = {A[hmad] Mustafa and W[an] M[.] N[.] Wan-Kadir and N[oraini] Ibrahim and M[uhammad] A[rif] Shah and M[uhammad] Younas and A[tif] Khan and M[ahdi] Zareei and F[aisal] Alanazi},
    title     = {Automated Test Case Generation from Requirements: A Systematic Literature Review},
    journal   = {Computers, Materials & Continua},
    year      = 2021,
    volume    = 67,
    pages     = "1819-1833",
    month     = feb,
    url       = {https://www.techscience.com/cmc/v67n2/41326},
}

@ARTICLE{Ouédraogo2024,
   author     = {W[endukkuni] C. Ouédraogo and K[ader] Kaboré and H[aoye] Tian and Y[ewei] Song and A[nil] Koyoncu and J[acques] Klein and D[avid] Lo and T[egawendé] F. Bissyandé},
   title      = {Large-scale, Independent and Comprehensive study of the
power of LLMs for test case generation},
   journal    = {Computer Science > Software Engineering},
   year       = 2024,
   volume     = 1,
   number     = 1,
   month      = sep,
   url        = {https://arxiv.org/abs/2407.00225},
}

@ONLINE{Roscher2025,
    author    = {K[arsten] Roscher and A[nna] Guderitz},
    title     = {Künstliche Intelligenz (KI) und maschinelles Lernen},
    year      = {2025},
    url       = {https://www.iks.fraunhofer.de/de/themen/kuenstliche-intelligenz.html},
    note      = {abgerufen am 13.1.2025}
}

@INPROCEEDINGS{Salemi2024,
    author    = {A[lireza] Salemi and H[amed] Zamani},
    title     = {Evaluating Retrieval Quality in Retrieval-Augmented Generation},
    booktitle = {SIGIR '24: Proceedings of the 47th International ACM SIGIR Conference on Research and Development in Information Retrieval},
    year      = 2024,
    pages     = "2395-2400",
    url       = {https://dl.acm.org/doi/10.1145/3626772.3657957}
}

@ONLINE{Schmid2024,
    author    = {A[ndreas] Schmid and M[atthias] Sommer},
    title     = {Retrieval Augmented Generation – RAG: Generative künstliche Intelligenz-Lösungen mit Unternehmensdaten anreichern},
    year      = {2024},
    url       = {https://aracom.de/retrieval-augmented-generation/},
    note      = {abgerufen am 13.1.2025}
}

@ONLINE{Siebert2024,
    author    = {J[ulien] Siebert},
    title     = {Halluzinationen von generativer KI und großen Sprachmodellen (LLMs)},
    year      = {2024},
    url       = {https://www.iese.fraunhofer.de/blog/halluzinationen-generative-ki-llm/},
    note      = {abgerufen am 22.11.2024}
}

@ONLINE{StreimHecker2023,
    author    = {A[ndreas] Streim and J[anis] Hecker},
    title     = {Deutsche Wirtschaft drückt bei Künstlicher Intelligenz aufs Tempo},
    year      = {2023},
    url       = {https://www.bitkom.org/Presse/Presseinformation/Deutsche-Wirtschaft-drueckt-bei-Kuenstlicher-Intelligenz-aufs-Tempo},
    note      = {abgerufen am 03.11.2024}
}

@ONLINE{Visure2024,
    author    = {Visure},
    title     = {Was ist Anforderungsspezifikation: Definition, beste Tools und Techniken},
    year      = {2024},
    url       = {https://visuresolutions.com/de/blog/requirements-specification/},
    note      = {abgerufen am 15.1.2025}
}

@ARTICLE{Wang2024,
   author     = {X[iaoyin] Wang and D[akai] Zhu},
   title      = {Validating LLM-Generated Programs with Metamorphic Prompt Testing},
   journal    = {Computer Science > Software Engineering},
   year       = 2024,
   volume     = 1,
   month      = jun,
   url        = {https://arxiv.org/abs/2406.06864},
}

@ONLINE{WeingartzSuleymanov2024,
    author    = {R[obert] Weingartz and N[urlan] Suleymanov},
    title     = {Wie man bessere Tests mit KI schreibt},
    year      = {2024},
    url       = {https://aqua-cloud.io/de/ai-to-write-tests/},
    note      = {abgerufen am 03.11.2024}
}

@ARTICLE{Wu2024,
    author    = {S[hangyu] Wu and Y[ing] Xiong and Y[ufei] Cui and H[aolun] Wu and C[an] Chen and Y[e] Yuan and L[ianming] Huang and X[ue] Liu and T[ei-Wei] Kuo and N[an] Guan and C[hun] J[ason] Xue},
    title     = {Retrieval-Augmented Generation for Natural Language Processing: A Survey},
    journal   = {Computer Science > Computation and Language},
    year      = 2024,
    volume    = 2,
    url       = {https://arxiv.org/abs/2407.13193},
}

@ARTICLE{Yuan2021,
   author     = {W[eizhe] Yuan and G[raham] Neubig and P[engfei] Liu},
   title      = {BARTSCORE: Evaluating Generated Text as Text Generation},
   journal    = {Computer Science > Computation and Language},
   year       = 2021,
   volume     = 2,
   month      = oct,
   url        = {https://arxiv.org/abs/2106.11520},
}

@ARTICLE{Zhu2021,
    author    = {L[ili] Zhu and P[.] Spachos and E[rica] Pensini and K[onstantinos] Plataniotis},
    title     = {Deep learning and machine vision for food processing: A survey},
    journal   = {Current Research in Food Science},
    year      = 2021,
    volume    = 4,
    pages     = "233-249",
    month     = apr,
    url       = {https://www.sciencedirect.com/science/article/pii/S2665927121000228?via%3Dihub},
}